@Book{Maraschini2013,
  author    = {Maraschini, Walter and Palma, Mauro},
  title     = {Enciclopedia della matematica},
  year      = {2013},
  publisher = {Garzanti Libri},
  isbn      = {9788811505259},
  url       = {https://www.amazon.com/Enciclopedia-della-matematica/dp/8811505259?SubscriptionId=0JYN1NVW651KCA56C102&tag=techkie-20&linkCode=xm2&camp=2025&creative=165953&creativeASIN=8811505259},
  urldate   = {2017-12-25},
  owner     = {Claudio Duchi},
}

@Book{Borowein2010,
  author    = {Borowein, E. J. and Borowein, J. M.},
  title     = {Dizionario della matematica},
  year      = {2010},
  maintitle = {Dizionario della matematica},
  publisher = {Gremese Editore},
  isbn      = {9788884406453},
  url       = {https://www.amazon.com/Dizionario-della-matematica/dp/8884406455?SubscriptionId=0JYN1NVW651KCA56C102&tag=techkie-20&linkCode=xm2&camp=2025&creative=165953&creativeASIN=8884406455},
  urldate   = {2017-12-25},
  owner     = {Claudio Duchi},
}

@Book{Ortolani2017,
  author    = {Ortolani, G. and Venturi, E.},
  title     = {Manuale di elettrotecnica, elettronica e automazione},
  year      = {2017},
  maintitle = {Manuale di elettrotecnica, elettronica e automazione},
  publisher = {Hoepli},
  isbn      = {9788820379032},
  url       = {https://books.google.it/books?id=T\_PlAQAACAAJ},
  urldate   = {2017-12-25},
  owner     = {Claudio Duchi},
}

@Book{Canale2009,
  author    = {Canale, David and Canale, Luigi},
  title     = {Dizionario illustrato di geometria},
  year      = {2009},
  publisher = {Giunti Editore},
  isbn      = {9788809049079},
  url       = {https://www.amazon.com/Dizionario-illustrato-di-geometria/dp/8809049071?SubscriptionId=0JYN1NVW651KCA56C102&tag=techkie-20&linkCode=xm2&camp=2025&creative=165953&creativeASIN=8809049071},
  urldate   = {2017-12-26},
  owner     = {Claudio Duchi},
}

@Book{Resnick1982,
  author    = {Resnick, Robert and Halliday, David},
  title     = {Fisica 1},
  year      = {1982},
  edition   = {Terza edizione},
  publisher = {Casa editrice ambrosiana Milano},
}

@Book{Spiegel1975,
  author    = {Murray R. Spiegel},
  title     = {Variabili complesse},
  year      = {1975},
  series    = {Collana Schaum : teoria ed applicazioni},
  publisher = {Etas libri},
  url       = {https://books.google.it/books?id=Ilq3swEACAAJ},
}

@Book{Spiegel1977,
  author    = {Murray R. Spiegel},
  title     = {Manuale di matematica},
  year      = {1977},
  series    = {Collana Schaum : teoria ed applicazioni},
  publisher = {McGraw-Hill Companies},
  isbn      = {9788838650154},
  url       = {https://books.google.it/books?id=RS6vPQAACAAJ},
}

@Book{Dodero1999,
  author    = {Dodero, Nella and Baroncini, Paolo and Manfredi, Roberto},
  title     = {Argomenti modulari di matematica. Modulo G: Logaritmi. Progressioni. Trigonometria. Numeri complessi. Per gli Ist. professionali per l'industria e l'artigianato},
  year      = {1999},
  publisher = {Ghisetti e Corvi},
  isbn      = {9788880135258},
  url       = {https://books.google.it/books?id=ipHGAQAACAAJ},
}

@Book{Dodero1999a,
  author    = {Dodero, Nella and Baroncini, Paolo and Manfredi, Roberto},
  title     = {Argomenti modulari di matematica. Modulo F: Geometria analitica. Trasformazioni geometriche nel piano caresiano. Derivazione ed integrazione numerica. Per gli Ist. professionali per l'industria e l'artigianato},
  year      = {1999},
  publisher = {Ghisetti e Corvi},
  isbn      = {9788880135241},
}

@Book{Mendelson1974,
  author    = {Mendelson, Elliott},
  title     = {Algebra di Boole e circuiti di commutazione},
  year      = {1974},
  series    = {Collana Schaum : teoria ed applicazioni},
  publisher = {Etas Libri},
  url       = {https://books.google.it/books?id=raxNnwEACAAJ},
  owner     = {Claudio Duchi},
}

@Book{Lipschutz1980,
  author    = {Lipschutz, Seymour},
  title     = {Teoria degli insiemi},
  year      = {1980},
  series    = {Collana Schaum : teoria ed applicazioni},
  publisher = {Etas libri},
  url       = {https://books.google.it/books?id=vE7toAEACAAJ},
  owner     = {Claudio Duchi},
}

@Book{Cuniberti2001,
  author    = {Cuniberti, Elisabetta and De Lucchi, Luciano},
  title     = {Elettronica. Con pin-out. Per gli Ist. Tecnici},
  year      = {2001},
  series    = {Elettronica. Per gli Ist. Tecnici e per gli Ist. Professionali},
  publisher = {Petrini},
  isbn      = {9788849402124},
  url       = {https://books.google.it/books?id=-cNvPQAACAAJ},
}

@Book{Courant2000,
  author    = {Courant, R. and Robbins, H. and Gilli, L.R. and Stewart, I.N.},
  title     = {Che cos'{\`e} la matematica?: Introduzione elementare ai suoi concetti e metodi},
  year      = {2000},
  series    = {Bollati Boringhieri Saggi},
  publisher = {Bollati Boringhieri},
  isbn      = {9788833975849},
  url       = {https://books.google.it/books?id=mlc6DwAAQBAJ},
}

@Book{Zwirner1988,
  author    = {Zwirner, Giuseppe and Scaglianti, Luciano},
  title     = {Complementi di matematica: per gli Istituti Tecnici Industriali e nautici},
  isbn      = {8813162413},
  publisher = {CEDAM},
  url       = {https://books.google.it/books?id=3AGIoAEACAAJ},
  urldate   = {2019-01-28},
  owner     = {cladu},
  timestamp = {2020-07-09},
  year      = {1988},
}

@Book{Dodero1999b,
  author    = {Dodero, Nella and Baroncini, Paolo and Manfredi, Roberto},
  title     = {Lineamenti di matematica. Per il biennio delle scuole superiori},
  isbn      = {9788880135210},
  number    = {v. 2},
  publisher = {Ghisetti e Corvi},
  series    = {Lineamenti di matematica. Per il biennio del Liceo scientifico},
  url       = {https://books.google.it/books?id=ADccPQAACAAJ},
  groups    = {Claudio Duchi:6},
  year      = {1999},
}

@Book{Ferrauto1979,
  author    = {Ferrauto, Roberto},
  title     = {Lezioni di trigonometria piana},
  year      = {1979},
  urldate      = {2019-06-18},
  publisher = {Societ{\`a} Editrice Dante Alighieri},
  pages     = {324},
  pagetotal = {324},
}

@Book{ReFraschini2008,
  author    = {Re Fraschini, Marzia and Grazzi},
  title     = {Geometria analitica disequazioni esponenziali e logaritmi matrici e sistemi lineari},
  year      = {2008},
  publisher = {Atlas},
  isbn      = {9788826810614},
}

@WWW{Brett2020,
  author    = {Matthew Brett},
  title     = {The angle sum rule},
  date      = {2020-01-31},
  url       = {https://matthew-brett.github.io/teaching/angle_sum.html},
  urldate   = {2020-01-31},
  owner     = {Claudio Duchi},
  timestamp = {2020-01-31},
}

@WWW{Smiley1999,
  author    = {Leonard M. Smiley},
  title     = {Geometry of Addition and Subtraction Formulas},
  year      = {1999},
  url       = {http://math.uaa.alaska.edu/~smiley/trigproofs.html},
  urldate   = {2020-02-01},
  owner     = {Claudio Duchi},
  timestamp = {2020-02-01},
}

@Online{Gregorio2021,
  author  = {Gregorio, Enrico},
  date    = {2021-10-12},
  title   = {Se $a+b+c=1$, $a^2+b^2+c^2=2$, $a^3+b^3+c^3=3$ allora quale è il valore di $a^4+b^4+c^4$?},
  url     = {https://it.quora.com/Se-a-b-c-1-a²-b²-c²-2-a³-b³-c³-3-allora-qual-è-il-valore-di-a⁴-b⁴-c⁴},
  urldate = {2021-12-25},
  owner   = {Claudio Duchi},
}

@Online{Conti2020,
  author  = {Conti, Eddie},
  date    = {2020-06-18},
  title   = {L'equazione $x^2 = x + 1$ è alla base della successione di Fibonacci?},
  url     = {https://it.quora.com/Lequazione-x-2-x-1-è-alla-base-della-successione-di-Fibonacci},
  urldate = {2021-12-26},
}

@Article{Rabinowitz_1996,
  author           = {Rabinowitz, Stanley},
  date             = {1996},
  title            = {Algorithmic Manipulation of Fibonacci Identities},
  doi              = {10.1007/978-94-009-0223-7_33},
  pages            = {389--408},
  booktitle        = {Applications of Fibonacci Numbers},
  creationdate     = {2022-01-11T11:23:44},
  modificationdate = {2022-01-11T11:56:31},
  owner            = {claudio duchi},
  publisher        = {Springer Netherlands},
}

@Article{Horadam_1961,
  author           = {A. F. Horadam},
  date             = {1961-05},
  journaltitle     = {The American Mathematical Monthly},
  title            = {A Generalized Fibonacci Sequence},
  doi              = {10.2307/2311099},
  number           = {5},
  pages            = {455},
  volume           = {68},
  creationdate     = {2022-01-15T22:10:05},
  modificationdate = {2022-01-15T22:11:33},
  owner            = {claudio duchi},
  publisher        = {{JSTOR}},
}

@Online{A000032,
  author           = {A000032},
  date             = {2018-01-12},
  title            = {Successione di Lucas},
  url              = {https://oeis.org/A000032},
  organization     = {The On-Line Encyclopedia of Integer Sequences},
  urldate          = {2018-01-12},
  modificationdate = {2022-04-09T22:42:57},
  owner            = {Claudio Duchi},
  timestamp        = {2018-01-12},
  year             = {2018},
}

@Online{A000045,
  author           = {A000045},
  date             = {2018-01-12},
  title            = {Successione di Fibonacci},
  url              = {http://oeis.org/A000045},
  organization     = {The On-Line Encyclopedia of Integer Sequences},
  urldate          = {2018-01-08},
  modificationdate = {2022-04-09T22:51:10},
  owner            = {Claudio Duchi},
  year             = {2018},
}

@Online{A001654,
  author           = {A001654},
  date             = {2022-04-09},
  title            = {Numeri del rettangolo Aureo},
  url              = {https://oeis.org/A001654},
  organization     = {The On-Line Encyclopedia of Integer Sequences},
  urldate          = {2022-04-09},
  creationdate     = {2022-04-09T22:15:42},
  modificationdate = {2022-04-09T22:42:57},
  owner            = {claudio duchi},
  year             = {2022},
}

@Comment{jabref-meta: databaseType:biblatex;}

@Comment{jabref-meta: fileDirectoryLatex-cladu-LAPTOP-D8D49BI3:C:\\Users\\cladu\\Documents\\tex\\Asparsi;}

@Comment{jabref-meta: grouping:
0 AllEntriesGroup:;
1 StaticGroup:Segni\;2\;1\;\;\;\;;
2 StaticGroup:Claudio Duchi:6\;2\;1\;\;\;\;;
}
